<?xml version="1.0"?>
<records xmlns="http://www.openarchives.org/OAI/2.0/">
  <record>
    <header>
      <identifier>oai:mst.rochester.edu:13</identifier>
    </header>
    <metadata>
      <marc:record xmlns:marc="http://www.loc.gov/MARC21/slim" xmlns:xsi="http://www.w3.org/2001/XMLSchema-instance" xsi:schemaLocation="http://www.loc.gov/MARC21/slim http://www.loc.gov/standards/marcxml/schema/MARC21slim.xsd">
        <marc:leader>01203ncm a2200349   45 A</marc:leader>
        <marc:controlfield tag="001">1188185</marc:controlfield>
        <marc:controlfield tag="003">NRU</marc:controlfield>
        <marc:controlfield tag="008">930312s1906    au sga         n    ger d</marc:controlfield>
        <marc:datafield tag="028" ind1="2" ind2="0">
          <marc:subfield code="a">J.E. 1241--J.E.1242</marc:subfield>
          <marc:subfield code="b">J. Eberle</marc:subfield>
        </marc:datafield>
        <marc:datafield tag="028" ind1="3" ind2="0">
          <marc:subfield code="a">3868--3869</marc:subfield>
          <marc:subfield code="b">Universal-Edition</marc:subfield>
        </marc:datafield>
        <marc:datafield tag="035" ind1=" " ind2=" ">
          <marc:subfield code="b">ocm</marc:subfield>
          <marc:subfield code="a">27722132 </marc:subfield>
        </marc:datafield>
        <marc:datafield tag="035" ind1=" " ind2=" ">
          <marc:subfield code="9">01137749</marc:subfield>
        </marc:datafield>
        <marc:datafield tag="040" ind1=" " ind2=" ">
          <marc:subfield code="a">RER</marc:subfield>
          <marc:subfield code="c">RER</marc:subfield>
        </marc:datafield>
        <marc:datafield tag="045" ind1="2" ind2=" ">
          <marc:subfield code="b">d1898</marc:subfield>
          <marc:subfield code="b">d1900</marc:subfield>
        </marc:datafield>
        <marc:datafield tag="048" ind1=" " ind2=" ">
          <marc:subfield code="a">vi01</marc:subfield>
          <marc:subfield code="a">ka01</marc:subfield>
        </marc:datafield>
        <marc:datafield tag="049" ind1=" " ind2=" ">
          <marc:subfield code="a">RERA</marc:subfield>
        </marc:datafield>
        <marc:datafield tag="090" ind1=" " ind2=" ">
          <marc:subfield code="a">M1620</marc:subfield>
          <marc:subfield code="b">.S378</marc:subfield>
        </marc:datafield>
        <marc:datafield tag="099" ind1=" " ind2=" ">
          <marc:subfield code="a">M1620 .S378</marc:subfield>
        </marc:datafield>
        <marc:datafield tag="100" ind1="1" ind2=" ">
          <marc:subfield code="a">Schreker, Franz,</marc:subfield>
          <marc:subfield code="d">1878-1934.</marc:subfield>
        </marc:datafield>
        <marc:datafield tag="240" ind1="1" ind2="0">
          <marc:subfield code="a">Lieder,</marc:subfield>
          <marc:subfield code="n">op. 7</marc:subfield>
        </marc:datafield>
        <marc:datafield tag="245" ind1="0" ind2="0">
          <marc:subfield code="a">Acht Lieder, fu&#x308;r eine Singstimme mit Begleitung des Pianoforte.</marc:subfield>
          <marc:subfield code="b">Heft I-II.</marc:subfield>
        </marc:datafield>
        <marc:datafield tag="260" ind1=" " ind2=" ">
          <marc:subfield code="a">Wien,</marc:subfield>
          <marc:subfield code="b">J. Eberle</marc:subfield>
          <marc:subfield code="c">[1906]</marc:subfield>
        </marc:datafield>
        <marc:datafield tag="300" ind1=" " ind2=" ">
          <marc:subfield code="a">score (2 v. in 1)</marc:subfield>
          <marc:subfield code="c">34 cm.</marc:subfield>
        </marc:datafield>
        <marc:datafield tag="500" ind1=" " ind2=" ">
          <marc:subfield code="a">For medium voice and piano.</marc:subfield>
        </marc:datafield>
        <marc:datafield tag="500" ind1=" " ind2=" ">
          <marc:subfield code="a">Publisher's no.: Universal-Edition Nr. 3868-3869.</marc:subfield>
        </marc:datafield>
        <marc:datafield tag="505" ind1="0" ind2=" ">
          <marc:subfield code="a">v. 1. Wiegenliedchen.--Zu spa&#x308;te Reue.--Traum.--Spuk.--v. 2. Rosentod.--Ach, noch so jung.--Rosengruss.--Lied des Harfenma&#x308;dchens.</marc:subfield>
        </marc:datafield>
        <marc:datafield tag="590" ind1=" " ind2=" ">
          <marc:subfield code="a">Sibley Music Library copy bound with Schreker, Fu&#x308;nf Gesa&#x308;nge (1909).</marc:subfield>
        </marc:datafield>
        <marc:datafield tag="650" ind1=" " ind2="0">
          <marc:subfield code="a">Songs (Medium voice) with piano.</marc:subfield>
        </marc:datafield>
        <marc:datafield tag="650" ind1=" " ind2="0">
          <marc:subfield code="a">Songs, German.</marc:subfield>
        </marc:datafield>
        <marc:datafield tag="910" ind1=" " ind2=" ">
          <marc:subfield code="a">  950805         </marc:subfield>
        </marc:datafield>
        <marc:datafield tag="911" ind1=" " ind2=" ">
          <marc:subfield code="a">u</marc:subfield>
        </marc:datafield>
        <marc:datafield tag="966" ind1=" " ind2=" ">
          <marc:subfield code="l">/Stack</marc:subfield>
          <marc:subfield code="m">SMONO </marc:subfield>
          <marc:subfield code="s">M1620 .S378</marc:subfield>
          <marc:subfield code="c"> 1</marc:subfield>
        </marc:datafield>
      </marc:record>
    </metadata>
  </record>
</records>
